Automatically generated by Mendeley Desktop 1.19.8
Any changes to this file will be lost if it is regenerated by Mendeley.

BibTeX export options can be customized via Preferences -> BibTeX in Mendeley Desktop

@misc{whatisaws,
title = {{Was ist Amazon Web Services (AWS)? - Definition von WhatIs.com}},
url = {https://www.computerweekly.com/de/definition/Amazon-Web-Services-AWS},
urldate = {2022-08-15},
year = {2014}
}
@misc{dudler,
author = {Dudler, Roger},
title = {{git - Der einfache Einstieg - kein Schnick-schnack!}},
url = {https://rogerdudler.github.io/git-guide/index.de.html},
urldate = {2021-08-29}
}
@misc{node-ui5-github,
author = {Buchholz, Arnaud},
title = {{ArnaudBuchholz/node-ui5: A NodeJS wrapper on OpenUI5 to leverage tools like MockServer or ODataClient}},
url = {https://github.com/ArnaudBuchholz/node-ui5},
urldate = {2021-08-30}
}
@misc{jenkins.io,
title = {{Jenkins}},
url = {https://www.jenkins.io/},
urldate = {2022-08-15}
}
@misc{postman,
title = {{Postman API Platform | Sign Up for Free}},
url = {https://www.postman.com/},
urldate = {2021-08-30}
}
@book{Schell.2017,
address = {Bonn},
author = {Schell, Otto and Schocke, Kai-Oliver and Schmid-Lutz, Veronika and Stockrahm, Volker and Zinovieva, Julia},
edition = {1. Auflage},
isbn = {978-3-8362-4272-1},
publisher = {Rheinwerk and {\{}SAP PRESS{\}}},
series = {SAP Press},
title = {{Industrie 4.0 mit SAP: Digitale Transformation und das Internet of Things (IoT)}},
year = {2017}
}
@misc{travis,
title = {{Travis CI - Test and Deploy Your Code with Confidence}},
url = {https://travis-ci.org/},
urldate = {2021-08-29}
}
@misc{sql.w3,
title = {{SQL Tutorial}},
url = {https://www.w3schools.com/sql/},
urldate = {2022-03-05}
}
@misc{Bloß2019,
author = {Blo{\ss}, Alexander},
title = {{Containerorchestrierung mit Kubernetes - Teil 4 — x-cellent technologies GmbH Blog}},
url = {https://www.x-cellent.com/blog/containerorchestrierung-mit-kubernetes-teil-4/},
urldate = {2021-07-15},
year = {2019}
}
@misc{RWTH.2021,
author = {van der Aalst, Wil},
title = {{RWTH Process Mining Lecture 1: Introduction to Process Mining}},
url = {https://www.youtube.com/watch?v=2Xz6batTGlc},
urldate = {2022-02-27},
year = {2021}
}
@misc{dockerignore,
title = {{Dockerfile reference | Docker Documentation}},
url = {https://docs.docker.com/engine/reference/builder/{\#}dockerignore-file},
urldate = {2021-08-30}
}
@misc{aws.marketshare,
author = {Kumar, Rahul},
month = {may},
title = {{AWS Market Share 2022: How Far It Rules the Cloud Industry?}},
url = {https://www.wpoven.com/blog/aws-market-share/},
urldate = {2022-08-15},
year = {2022}
}
@misc{wsl,
title = {{Was ist das Windows-Subsystem f{\"{u}}r Linux? | Microsoft Docs}},
url = {https://docs.microsoft.com/de-de/windows/wsl/about},
urldate = {2021-07-14}
}
@misc{k8skonzepte,
title = {{Konzepte | Kubernetes}},
url = {https://kubernetes.io/de/docs/concepts/{\_}print/},
urldate = {2021-07-15}
}
@misc{mocha,
title = {{Mocha - the fun, simple, flexible JavaScript test framework}},
url = {https://mochajs.org/},
urldate = {2021-08-30}
}
@book{ledger.jam,
author = {St{\"{o}}ckhert, Benjamin and Westphal, Fabio},
publisher = {firmeninterne Quelle},
title = {{Shared Ledger on SAP HANA}},
url = {https://jam4.sapjam.com/groups/1WKeNSPTe939OVlVcmRm2e/overview{\_}page/LgkBWstGHew1FzT1zgJLHj},
year = {2021}
}
@misc{gke,
keywords = {gke},
title = {{Kubernetes – Google Kubernetes Engine (GKE) | Google Cloud}},
url = {https://cloud.google.com/kubernetes-engine},
urldate = {2021-07-15}
}
@book{fill2019blockchain,
author = {Fill, H G and Meier, A},
isbn = {9783658274610},
publisher = {Springer Fachmedien Wiesbaden},
series = {IT kompakt},
title = {{Blockchain kompakt: Grundlagen, Anwendungsoptionen und kritische Bewertung}},
url = {https://books.google.de/books?id=tvG-DwAAQBAJ},
year = {2019}
}
@misc{gitlab.cicd,
title = {{What is CI/CD? | GitLab}},
url = {https://about.gitlab.com/topics/ci-cd/},
urldate = {2022-08-15}
}
@misc{travis-tutorial,
title = {{Travis CI Tutorial - Travis CI}},
url = {https://docs.travis-ci.com/user/tutorial/},
urldate = {2021-08-30}
}
@misc{sql.view,
title = {{SQL CREATE VIEW, REPLACE VIEW, DROP VIEW Statements}},
url = {https://www.w3schools.com/sql/sql{\_}view.asp},
urldate = {2022-03-05}
}
@misc{node-ui5-npm,
title = {node-ui5 - npm},
url = {https://www.npmjs.com/package/node-ui5},
urldate = {2021-08-30}
}
@misc{jenkins.github,
title = {{Jenkins automation server | GitHub}},
url = {https://github.com/jenkinsci/jenkins},
urldate = {2022-08-15}
}
@book{Maurer2021,
author = {Maurer, Christian},
keywords = {Lehrbuch,Objektorientierte Programmierung / Go (Programmier},
publisher = {Springer Vieweg},
title = {{Objektbasierte Programmierung mit Go}},
year = {2021}
}
@misc{wasistk8s,
title = {{Was ist Kubernetes? | Kubernetes}},
url = {https://kubernetes.io/de/docs/concepts/overview/what-is-kubernetes/{\#}was-bedeutet-kubernetes-k8s},
urldate = {2021-07-15}
}
@misc{cobra.dev,
title = {{Cobra. Dev}},
url = {https://cobra.dev/},
urldate = {2022-08-02}
}
@misc{chris.2021,
author = {Chris, Kolade},
month = {oct},
title = {{What is Go? Golang Programming Language Meaning Explained}},
url = {https://www.freecodecamp.org/news/what-is-go-programming-language/},
urldate = {2022-08-02},
year = {2021}
}
@misc{github.doc,
title = {{GitHub Documentation}},
url = {https://docs.github.com/en},
urldate = {2021-08-29}
}
@misc{cobra.github,
title = {{A Commander for modern Go CLI interactions | GitHub}},
url = {https://github.com/spf13/cobra},
urldate = {2022-08-02}
}
@misc{locust,
title = {{Locust - A modern load testing framework}},
url = {https://locust.io/},
urldate = {2021-08-30}
}
@misc{auth-npm,
title = {express-basic-auth - npm},
url = {https://www.npmjs.com/package/express-basic-auth},
urldate = {2021-08-30}
}
@misc{vetter.2019,
author = {Vetter, Tobias},
title = {{Warum Git? – LernMoment.de}},
url = {https://www.lernmoment.de/alle/warum-git/},
urldate = {2021-08-29},
year = {2019}
}
@misc{postman-curl,
author = {Rascia, Tania},
title = {{How to Make API Requests with Postman or cURL | Tania Rascia}},
url = {https://www.taniarascia.com/making-api-requests-postman-curl/},
urldate = {2021-08-30},
year = {2019}
}
@misc{celonis.ProcessMining,
title = {{Was ist Process Mining? | Celonis Execution Management System}},
url = {https://www.celonis.com/de/process-mining/what-is-process-mining/},
urldate = {2022-02-27}
}
@misc{Bailey2017,
author = {Bailey, Derick},
title = {{Selecting A Node.js Image for Docker}},
url = {https://derickbailey.com/2017/03/09/selecting-a-node-js-image-for-docker/},
urldate = {2021-08-23},
year = {2017}
}
@misc{mock-srv-help,
title = {{Mock Server - SAP Help Portal}},
url = {https://help.sap.com/viewer/468a97775123488ab3345a0c48cadd8f/202009.002/en-US/3a9728ec31f94ca18a7d543ce419d85d.html},
urldate = {2021-08-30}
}
@book{meinel2018blockchain,
author = {Meinel, C and Gayvoronskaya, T and Schnjakin, M},
isbn = {9783869563947},
publisher = {Universit{\"{a}}tsverlag Potsdam},
series = {Technische Berichte des Hasso-Plattner-Instituts f{\"{u}}r Softwaresystemtechnik an der Universit{\"{a}}t Potsdam},
title = {{Blockchain: Hype oder Innovation}},
url = {https://books.google.de/books?id=s8dSDwAAQBAJ},
year = {2018}
}
@misc{dockerhub-node,
title = {{Node - Official Image | Docker Hub}},
url = {https://hub.docker.com/{\_}/node},
urldate = {2021-08-30}
}
@misc{luber.2017,
author = {Luber, Stefan and Augsten, Stephan},
month = {mar},
title = {{Was ist SQL?}},
url = {https://www.dev-insider.de/was-ist-sql-a-586264/},
urldate = {2022-03-05},
year = {2017}
}
@misc{acquisition.2021,
title = {{SAP schlie{\ss}t Akquisition von Signavio ab - Signavio}},
url = {https://www.signavio.com/de/news/sap-acquisition-signavio/},
urldate = {2022-02-27},
year = {2021}
}
@book{Bonnen.2016,
address = {Bonn},
author = {B{\"{o}}nnen, Carsten and Drees, Volker and Fischer, Andr{\'{e}} and Heinz, Ludwig and Strothmann, Karsten},
edition = {2., aktual},
isbn = {978-3-8362-4019-2},
publisher = {Rheinwerk Publishing},
series = {SAP Press},
title = {{SAP Gateway und OData}},
year = {2016}
}
@misc{golang.github,
title = {{The Go programming language | GitHub}},
url = {https://github.com/golang/go},
urldate = {2022-08-02}
}
@misc{vaultproject.io,
title = {{Vault by HashiCorp}},
url = {https://www.vaultproject.io/},
urldate = {2022-08-15}
}
@misc{aws.eks,
title = {{Verwalteter Kubernetes-Service – Amazon EKS – Amazon Web Services}},
url = {https://aws.amazon.com/de/eks/},
urldate = {2022-08-15}
}
@misc{whatisacontainer,
title = {{What is a Container? | App Containerization | Docker}},
url = {https://www.docker.com/resources/what-container},
urldate = {2021-07-14}
}
@misc{aws.linkedin,
title = {{Amazon Web Services (AWS): {\"{U}}ber uns | LinkedIn}},
url = {https://www.linkedin.com/company/amazon-web-services/about/},
urldate = {2022-08-15}
}
@misc{auth-tutorial,
title = {{Add Basic Authentication to an Express App | by John Au-Yeung | JavaScript in Plain English}},
url = {https://javascript.plainenglish.io/add-basic-authentication-to-an-express-app-9536f5095e88},
urldate = {2021-08-30}
}
@misc{jira,
title = {{Jira | Software zur Vorgangs- und Projektverfolgung}},
url = {https://www.atlassian.com/de/software/jira?{\&}aceid={\&}adposition={\&}adgroup=109687510944{\&}campaign=10332064545{\&}creative=443508107257{\&}device=c{\&}keyword=jira{\&}matchtype=e{\&}network=g{\&}placement={\&}ds{\_}kids=p55118174829{\&}ds{\_}e=GOOGLE{\&}ds{\_}eid=700000001550060{\&}ds{\_}e1=GOOGLE{\&}gcli},
urldate = {2021-08-30}
}
@misc{mike.2020,
author = {{Van Sickle}, Mike},
month = {jan},
title = {{Go: Getting Started | Pluralsight}},
url = {https://app.pluralsight.com/library/courses/getting-started-with-go/table-of-contents},
urldate = {2022-08-02},
year = {2020}
}
@misc{express,
title = {{Express - Node.js-Framework von Webanwendungen}},
url = {https://expressjs.com/de/},
urldate = {2021-08-30}
}
@misc{docker-node-hello,
title = {{Dockerizing a Node.js web app | Node.js}},
url = {https://nodejs.org/de/docs/guides/nodejs-docker-webapp/},
urldate = {2021-08-30}
}
@misc{aws.s3,
title = {{Amazon Simple Storage Service S3 – Cloud Online-Speicher}},
url = {https://aws.amazon.com/de/s3/},
urldate = {2022-08-15}
}
@misc{signavio.general,
abstract = {about Signavio},
title = {{Signavio | Die einzige All-in-One Business Process Software}},
url = {https://www.signavio.com/de/},
urldate = {2022-02-28}
}
@misc{package.json,
title = {{package-lock.json | npm Docs}},
url = {https://docs.npmjs.com/cli/v7/configuring-npm/package-lock-json},
urldate = {2021-07-14}
}
@misc{pike.2020,
author = {Pike, Rob},
month = {aug},
title = {{Using Go at Google - The Go Programming Language}},
url = {https://go.dev/solutions/google/},
urldate = {2022-08-02},
year = {2020}
}
@misc{dockerhub,
title = {{Docker Hub - Container Image Library | Docker}},
url = {https://www.docker.com/products/docker-hub},
urldate = {2021-07-14}
}
@misc{locust-doc,
title = {{Locust Documentation — Locust 2.1.0 documentation}},
url = {https://docs.locust.io/en/stable/},
urldate = {2021-08-30}
}
@misc{docker-multistage,
title = {{Use multi-stage builds | Docker Documentation}},
url = {https://docs.docker.com/develop/develop-images/multistage-build/},
urldate = {2021-08-30}
}
